
@misc{imageGrow,
author = {Horaczek, Stan},
title = {How Many Photos Are Uploaded to The Internet Every Minute?},
month = jun,
year = {2014},
url = {http://www.popphoto.com/news/2013/05/how-many-photos-are-uploaded-to-internet-every-minute}
}

@article{Jegou2012HAL,
    hal_id = {inria-00633013},
    url = {http://hal.inria.fr/inria-00633013},
    title = {{Aggregating local image descriptors into compact codes}},
    author = {J{\'e}gou, Herv{\'e} and Perronnin, Florent and Douze, Matthijs and S{\'a}nchez, Jorge and P{\'e}rez, Patrick and Schmid, Cordelia},
    affiliation = {TEXMEX - INRIA - IRISA , Xerox Research Centre Europe [Meylan] , LEAR - INRIA Grenoble Rh{\^o}ne-Alpes / LJK Laboratoire Jean Kuntzmann , SED (INRIA Grenoble Rh{\^o}ne-Alpes) , Technicolor R \& I},
    publisher = {IEEE},
    pages = {1704-1716},
    journal = {IEEE Transactions on Pattern Analysis and Machine Intelligence},
    volume = {34},
    number = {9 },
    note = {QUAERO },
    audience = {international },
    doi = {10.1109/TPAMI.2011.235 },
    year = {2012},
    month = Sep,
    pdf = {http://hal.inria.fr/inria-00633013/PDF/jegou\_aggregate.pdf},
}


@inproceedings{Perronnin2007,
  author    = {Florent Perronnin and
               Christopher R. Dance},
  title     = {Fisher Kernels on Visual Vocabularies for Image Categorization},
  booktitle = {CVPR},
  year      = {2007},
  ee        = {http://dx.doi.org/10.1109/CVPR.2007.383266},
  bibsource = {DBLP, http://dblp.uni-trier.de}
}


@inproceedings{Perronnin:2010:IFK:1888089.1888101,
 author = {Perronnin, Florent and S\'{a}nchez, Jorge and Mensink, Thomas},
 title = {Improving the Fisher Kernel for Large-scale Image Classification},
 booktitle = {Proceedings of the 11th European Conference on Computer Vision: Part IV},
 series = {ECCV'10},
 year = {2010},
 isbn = {3-642-15560-X, 978-3-642-15560-4},
 location = {Heraklion, Crete, Greece},
 pages = {143--156},
 numpages = {14},
 url = {http://dl.acm.org/citation.cfm?id=1888089.1888101},
 acmid = {1888101},
 publisher = {Springer-Verlag},
 address = {Berlin, Heidelberg},
} 

@inproceedings{Jegou2010,
    hal_id = {inria-00548637},
    url = {http://hal.inria.fr/inria-00548637},
    title = {{Aggregating local descriptors into a compact image representation}},
    author = {J{\'e}gou, Herv{\'e} and Douze, Matthijs and Schmid, Cordelia and P{\'e}rez, Patrick},
    affiliation = {TEXMEX - INRIA - IRISA , LEAR - INRIA Grenoble Rh{\^o}ne-Alpes / LJK Laboratoire Jean Kuntzmann , Laboratoire Jean Kuntzmann - LJK , Technicolor R \& I},
    booktitle = {{CVPR 2010 - 23rd IEEE Conference on Computer Vision \& Pattern Recognition}},
    publisher = {IEEE Computer Society},
    pages = {3304-3311},
    address = {San Francisco, United States},
    audience = {international },
    doi = {10.1109/CVPR.2010.5540039 },
    year = {2010},
    pdf = {http://hal.inria.fr/inria-00548637/PDF/jegou\_compactimagerepresentation.pdf},
}


@inproceedings{Jegou2009,
  author    = {Herve Jegou and
               Matthijs Douze and
               Cordelia Schmid},
  title     = {On the burstiness of visual elements},
  booktitle = {CVPR},
  year      = {2009},
  pages     = {1169-1176},
  ee        = {http://doi.ieeecomputersociety.org/10.1109/CVPRW.2009.5206609},
  bibsource = {DBLP, http://dblp.uni-trier.de}
}

@inproceedings{Perronnin2010,
  added-at = {2010-11-03T00:00:00.000+0100},
  author = {Perronnin, Florent and Liu, Yan and Sánchez, Jorge and Poirier, Herve},
  biburl = {http://www.bibsonomy.org/bibtex/2fd784dd9d69030db317c0985de89fe22/dblp},
  booktitle = {CVPR},
  ee = {http://dx.doi.org/10.1109/CVPR.2010.5540009},
  interhash = {2da8f7ebf98cb2fce2236cd1e186f0a2},
  intrahash = {fd784dd9d69030db317c0985de89fe22},
  keywords = {dblp},
  pages = {3384-3391},
  publisher = {IEEE},
  timestamp = {2010-11-03T00:00:00.000+0100},
  title = {Large-scale image retrieval with compressed Fisher vectors.},
  url = {http://dblp.uni-trier.de/db/conf/cvpr/cvpr2010.html#PerronninLSP10},
  year = 2010
}




@inproceedings{Krapac2011,
    hal_id = {inria-00612277},
    url = {http://hal.inria.fr/inria-00612277},
    title = {{Modeling Spatial Layout with Fisher Vectors for Image Categorization}},
    author = {Krapac, Josip and Verbeek, Jakob and Jurie, Fr{\'e}d{\'e}ric},
    affiliation = {LEAR - INRIA Grenoble Rh{\^o}ne-Alpes / LJK Laboratoire Jean Kuntzmann , Groupe de Recherche en Informatique, Image, Automatique et Instrumentation de Caen - GREYC},
    booktitle = {{ICCV 2011 - International Conference on Computer Vision}},
    publisher = {IEEE},
    pages = {1487-1494},
    address = {Barcelona, Spain},
    audience = {international },
    doi = {10.1109/ICCV.2011.6126406 },
    year = {2011},
    month = Nov,
    pdf = {http://hal.inria.fr/inria-00612277/PDF/final.r1.pdf},
}

@InProceedings{Simonyan2013,
  author       = "Simonyan, K. and Parkhi, O. M. and Vedaldi, A. and Zisserman, A.",
  title        = "{F}isher {V}ector {F}aces in the {W}ild",
  booktitle    = "British Machine Vision Conference",
  year         = "2013",
}

@inproceedings{Torii2013,
author = {Torii, A. and Sivic, J. and Pajdla, T. and Okutomi, M.},
title = {Visual Place Recognition with Repetitive Structures},
booktitle = cvpr,
year = {2013},
}

@inproceedings{Gronat2013,
  added-at = {2013-10-17T00:00:00.000+0200},
  author = {Gronat, Petr and Obozinski, Guillaume and Sivic, Josef and Pajdla, Tomás},
  biburl = {http://www.bibsonomy.org/bibtex/2f9679e952dde036829e0d16b85719ae8/dblp},
  booktitle = {CVPR},
  ee = {http://dx.doi.org/10.1109/CVPR.2013.122},
  interhash = {1beed3671c5cf211b040a00b4666d79e},
  intrahash = {f9679e952dde036829e0d16b85719ae8},
  keywords = {dblp},
  pages = {907-914},
  publisher = {IEEE},
  timestamp = {2013-10-17T00:00:00.000+0200},
  title = {Learning and Calibrating Per-Location Classifiers for Visual Place Recognition.},
  url = {http://dblp.uni-trier.de/db/conf/cvpr/cvpr2013.html#GronatOSP13},
  year = 2013
}


@inproceedings{Torii2011,
  added-at = {2012-01-20T00:00:00.000+0100},
  author = {Torii, Akihiko and Sivic, Josef and Pajdla, Tomás},
  biburl = {http://www.bibsonomy.org/bibtex/2656fc04af378a45d9481fe4905d9868c/dblp},
  booktitle = {ICCV Workshops},
  ee = {http://dx.doi.org/10.1109/ICCVW.2011.6130230},
  interhash = {4b1628b557b8bd04492b2ed015a804f8},
  intrahash = {656fc04af378a45d9481fe4905d9868c},
  isbn = {978-1-4673-0062-9},
  keywords = {dblp},
  pages = {102-109},
  publisher = {IEEE},
  timestamp = {2012-01-20T00:00:00.000+0100},
  title = {Visual localization by linear combination of image descriptors.},
  url = {http://dblp.uni-trier.de/db/conf/iccvw/iccvw2011.html#ToriiSP11},
  year = 2011
}


@inproceedings{Majdik2013,
  added-at = {2014-01-10T00:00:00.000+0100},
  author = {Majdik, Andras and Albers-Schoenberg, Yves and Scaramuzza, Davide},
  biburl = {http://www.bibsonomy.org/bibtex/26989731bbfce6c43fea3af7c1c919b5d/dblp},
  booktitle = {IROS},
  ee = {http://dx.doi.org/10.1109/IROS.2013.6696925},
  interhash = {2e00eb56dc2bef1aa5e18294cb0da456},
  intrahash = {6989731bbfce6c43fea3af7c1c919b5d},
  keywords = {dblp},
  pages = {3979-3986},
  publisher = {IEEE},
  timestamp = {2014-01-10T00:00:00.000+0100},
  title = {MAV urban localization from Google street view data.},
  url = {http://dblp.uni-trier.de/db/conf/iros/iros2013.html#MajdikAS13},
  year = 2013
}

@InProceedings{Scheirer12,
author = {Walter Scheirer and Neeraj Kumar and Peter N. Belhumeur and Terrance E. Boult},
title = {Multi-Attribute Spaces: Calibration for Attribute Fusion and Similarity Search},
booktitle = cvpr,
year = {2012}
} 

@InProceedings{Arandjelovic12,
  author       = "Arandjelovi\'c, R. and Zisserman, A.",
  title        = "Three things everyone should know to improve object retrieval",
  booktitle    = pami,
  year         = "2012",
}
@Comment{"IEEE Conference on Computer Vision and Pattern Recognition"}

@Article{libsvm,
  author =   {Rong-En Fan and Kai-Wei Chang and Cho-Jui Hsieh and Xiang-Rui Wang and Chih-Jen Lin},
  title =    {{LIBLINEAR}: A Library for Large Linear Classification},
  journal =  jmlr,
  year =   {2008},
  volume =   {9},
  pages =  {1871--1874}
}
@inproceedings{Malisiewicz11,
  Author =   {Tomasz Malisiewicz and Abhinav Gupta and Alexei A. Efros},
  Booktitle =  iccv,
  Title =    {Ensemble of Exemplar-SVMs for Object Detection and Beyond},
  Year =     2011
}

@inproceedings{Chen11,
   author = "David Chen and Georges Baatz and K{\"o}ser and Sam Tsai and
             Ramakrishna Vedantham and Timo Pylvanainen and  Kimmo Roimela and
             Xin Chen and Jeff Bach and Marc Pollefeys and Bernd Girod and
             Radek Grzeszczuk",
   title = "City-Scale Landmark Identification on Mobile Devices",
   booktitle = cvpr,
   year = "2011"
}

@inproceedings{Snavely-CVPR-2008,
        AUTHOR = "Snavely, N. and Seitz, S.M. and Szeliski, R.S.",
        TITLE = "Skeletal graphs for efficient structure from motion",
        BOOKTITLE = cvpr,
        YEAR = "2008"
}

@inproceedings{Li-ECCV-2008,
        AUTHOR = "Li, X.W. and Wu, C.C. and Zach, C. and Lazebnik, S. and Frahm, J.M.",
        TITLE = "Modeling and Recognition of Landmark Image Collections Using Iconic Scene Graphs",
        BOOKTITLE = eccv,
        YEAR = "2008",
        PAGES = "I: 427-440"
}

@inproceedings{Martinec-CVPR-2007,
        AUTHOR = "Martinec, D. and Pajdla, T.",
        TITLE = "Robust Rotation and Translation Estimation in Multiview Reconstruction",
        BOOKTITLE = cvpr,
        YEAR = "2007"
}

@inproceedings{Schaffalitzky-ECCV-2002,
        AUTHOR = "Schaffalitzky, F. and Zisserman, A.",
        TITLE = "Multi-view Matching for Unordered Image Sets, or '{How Do I Organize My Holiday Snaps?}'",
        BOOKTITLE = eccv,
        YEAR = "2002",
        PAGES = "I: 414-431"
}

@inproceedings{Nister-CVPR-2006,
        AUTHOR = "Nister, D. and Stewenius, H.",
        TITLE = "Scalable Recognition with a Vocabulary Tree",
        BOOKTITLE = cvpr,
        YEAR = "2006",
        PAGES = "II: 2161-2168"
}

@inproceedings{Sivic-CLOR-2006,
        AUTHOR = "Sivic, J. and Zisserman, A.",
        TITLE = "Video {Google}: Efficient Visual Search of Videos",
        BOOKTITLE = "Toward Category-Level Object Recognition (CLOR)",
        YEAR = "2006",
        PAGES = "127-144"
}

@article{Oliva-IJCV-2001,
        AUTHOR = "Oliva, A. and Torralba, A.",
        TITLE = "Modeling the Shape of the Scene: A Holistic Representation of the Spatial Envelope",
        JOURNAL = ijcv,
        VOLUME = "42",
        YEAR = "2001",
        NUMBER = "3",
        MONTH = "May",
        PAGES = "145-175"
}

@techreport{Lourakis-TR-2004,
        AUTHOR = "Lourakis, M.I.A. and Argyros, A.A.",
        TITLE = "The Design and Implementation of a Generic Sparse Bundle Adjustment Software Package Based on the {Levenberg-Marquardt} Algorithm",
        INSTITUTION = "Institute of Computer Science -- FORTH",
        YEAR = "2004",
        MONTH = "August",
        TYPE = "Tech. Report",
        NUMBER = "340"
}

@article{Bay-CVIU-2008,
        AUTHOR = "Bay, H. and Ess, A. and Tuytelaars, T. and Van Gool, L.J.",
        TITLE = "Speeded-Up Robust Features ({SURF})",
        JOURNAL = "CVIU",
        VOLUME = "110",
        YEAR = "2008",
        NUMBER = "3",
        MONTH = "June",
        PAGES = "346-359"
}

@article{Umeyama-PAMI-1991,
        AUTHOR = "Umeyama, S.",
        TITLE = "Least-Squares Estimation of Transformation Parameters Between Two Point Patterns",
        JOURNAL = "PAMI",
        VOLUME = "13",
        YEAR = "1991",
        NUMBER = "4",
        MONTH = "April",
        PAGES = "376-380"
}

@inproceedings{Nister-CVPR-2004,
        AUTHOR = "Nister, D.",
        TITLE = "A Minimal Solution to the Generalized 3-Point Pose Problem",
        BOOKTITLE = cvpr,
        YEAR = "2004",
        PAGES = "I: 560-567"
}

@inproceedings{Schweighofer-BMVC-2008,
        AUTHOR = "Schweighofer, G. and Pinz, A.",
        TITLE = "Globally Optimal {O(n)} Solution to the {PnP} Problem for General Camera Models",
        BOOKTITLE = bmvc,
        YEAR = "2008",
}

@misc{SeDuMi-Sturm,
        AUTHOR = "Sturm, J.F.",
        TITLE = "{SeDuMi}: A software package to solve optimization problems - {\tt http://sedumi.ie.lehigh.edu}",
        YEAR = "2006"
}

@inproceedings{Brown-3DIM-2005,
        AUTHOR = "Brown, M. and Lowe, D.G.",
        TITLE = "Unsupervised {3D} object recognition and reconstruction in unordered datasets",
        BOOKTITLE = "3-D Digital Imaging and Modeling (3DIM)",
        YEAR = "2005",
        PAGES = "56-63"
}

@article{Vergauwen-MVA-2006,
        AUTHOR = "Vergauwen, M. and Van Gool, L.J.",
        TITLE = "Web-based {3D} Reconstruction Service",
        JOURNAL = "Machine Vision and Applications (MVA)",
        VOLUME = "17",
        YEAR = "2006",
        NUMBER = "6",
        MONTH = "December",
        PAGES = "411-426"
}

@article{Micusik-PAMI-2006,
        AUTHOR = "Mi{\v c}u{\v s}{\'\i}k, B. and Pajdla, T.",
        TITLE = "Structure from Motion with Wide Circular Field of View Cameras",
        YEAR = "2006",
        MONTH = "July",
        PAGES = "1135-1149",
        JOURNAL = pami,
        VOLUME = "28",
        NUMBER = "7"
}

@inproceedings{Matas-BMVC-2002,
        AUTHOR = "Matas, J. and Chum, O. and Urban, M. and Pajdla, T.",
        TITLE = "Robust Wide Baseline Stereo from Maximally Stable Extremal Regions",
        BOOKTITLE = bmvc,
        YEAR = "2002",
        PAGES = "384-393"
}

@article{Lowe-IJCV-2004,
        AUTHOR = "Lowe, D.G.",
        TITLE = "Distinctive Image Features from Scale-Invariant Keypoints",
        JOURNAL = ijcv,
        VOLUME = "60",
        YEAR = "2004",
        NUMBER = "2",
        MONTH = "November",
        PAGES = "91-110"
}

@inproceedings{Havlena-Torii-CVPR-2009,
        AUTHOR = "Havlena, M. and Torii, A. and Knopp, J. and Pajdla, T.",
        TITLE = "Randomized Structure from Motion Based on Atomic {3D} Models from Camera Triplets",
        BOOKTITLE = cvpr,
        YEAR = "2009",
        PAGES = "2874-2881"
}

@inproceedings{Agarwal-ICCV-2009,
        AUTHOR = "Agarwal, S. and Snavely, N. and Simon, I. and Seitz, S. and Szeliski, R.",
        TITLE = "Building {Rome} in a Day",
        BOOKTITLE = iccv,
        YEAR = "2009",
        PAGES = "72-79"
}

@article{Snavely-IJCV-2008,
        AUTHOR = "Snavely, N. and Seitz, S. and Szeliski, R.",
        TITLE = "Modeling the World from Internet Photo Collections",
        JOURNAL = ijcv,
        VOLUME = "80",
        NUMBER = "2",
        YEAR = "2008",
        PAGES = "189-210"
}

@article{Guha-Algorithmica-1998,
        AUTHOR = "Guha, S. and Khuller, S.",
        TITLE = "Approximation Algorithms for Connected Dominating Sets",
        JOURNAL = "Algorithmica",
        VOLUME = "20",
        NUMBER = "4",
        YEAR = "1998",
        PAGES = "374-387"
}

@book{Garey-TheoryOfNP-1979,
        AUTHOR = "Garey, M. and Johnson, D.",
        TITLE = "Computers and Intractability: A Guide to the Theory of NP-Completeness",
        PUBLISHER = "W. H. Freeman",
        YEAR = "1979"
}

@inproceedings{Irschara-VRML-2007,
        AUTHOR = "Irschara, A. and Zach, C. and Bischof, H.",
        TITLE = "Towards Wiki-based Dense City Modeling",
        BOOKTITLE = "Virtual Representations and Modeling of Large-scale environments (VRML)",
        YEAR = "2007",
}

@inproceedings{Chum-CIVR-2007,
        AUTHOR = "Chum, O. and Philbin, J. and Isard, M. and Zisserman, A.",
        TITLE = "Scalable Near Identical Image and Shot Detection",
        BOOKTITLE = civr,
        YEAR = "2007",
        PAGES = "549-556"
}

@inproceedings{Philbin-CVPR-2007,
        AUTHOR = "Philbin, J. and Chum, O. and Isard, M. and Sivic, J. and Zisserman, A.",
        TITLE = "Object retrieval with large vocabularies and fast spatial matching",
        BOOKTITLE = "CVPR'07",
        YEAR = "2007"
}

@misc{Flickr-Yahoo,
        AUTHOR = "Yahoo!",
        TITLE = "Flickr: Online photo management and photo sharing application - {\tt http://www.flickr.com}",
        YEAR = "2005"
}

@InProceedings{Knopp2010,
  author = "Knopp, J. and Sivic, J. and Pajdla, T.",
  title = "Avoidng confusing features in place recognition",
  booktitle = eccv,
  year = 2010}


Cus

@TechReport{Heller-TR-2010,
author =      {Heller, Jan and Havlena, Michal and Torii, Akihiko and
Pajdla, Tom{\'a}{\v s}},
title =       {{CMP} {SfM} Web Service v1.0},
institution = {Center for Machine Perception, K13133 FEE
              Czech Technical University},
address =     {Prague, Czech Republic},
year =        {2010},
month =       {January},
type =        {Research Report},
number =      {CTU--CMP--2010--01},
issn =        {1213-2365},
pages =       {16},
figures =     {2},
authorship =  {25-25-25-25},
psurl       = {<a
href="ftp://cmp.felk.cvut.cz/pub/cmp/articles/heller/Heller-TR-2010-01.pdf">[Heller-TR-2010-01.pdf]</a>},
project =     {FP7-SPA-218814},
annote =      {CMP SfM web service provides a remote access to the 3D
              reconstruction systems developed in Center for Machine
              Perception. },
keywords =    {structure  from motion, remove procedure call, web service},
}


@inproceedings{Muja-2009,
  author    = {Marius Muja and David G. Lowe},
  title     = {Fast Approximate Nearest Neighbors with Automatic Algorithm Configuration},
  booktitle = {International Conference on Computer Vision Theory and Application 
               VISSAPP'09)},
  publisher = {INSTICC Press},
  year      = {2009},
  pages     = {331-340}
}

@inproceedings{Leibe2011,
  author    = {Torsten Sattler and Bastian Leibe and Leif Kobbelt},
  title     = {Fast Image-Based Localization using Direct 2D-to-3D Matching},
  booktitle = eccv,
  publisher = {INSTICC Press},
  year      = {2011}
}

@article{gebel2007calibrating,
  title={Calibrating classifier scores into probabilities},
  author={Gebel, M. and Weihs, C.},
  journal={Advances in Data Analysis},
  pages={141--148},
  year={2007},
  publisher={Springer}
}


@InProceedings{Platt99,
    author = "Platt, J.",
    title = "Probabilistic Outputs for Support Vector Machines and Comparisons to Regularized Likelihood Methods",
    booktitle = "Advances in Large Margin Classifiers",
    year = "1999",
}

@inproceedings{zadrozny2002transforming,
  title={Transforming classifier scores into accurate multiclass probability estimates},
  author={Zadrozny, B. and Elkan, C.},
  booktitle={ACM SIGKDD},
  year={2002},
}

@article{casella2001statistical,
  title={Statistical inference},
  author={Casella, G. and Berger, R.L.},
  year={2001},
  publisher={Duxbury Press}
}

@Article{Jegou12,
    author = {J{\'e}gou, Herv{\'e} and Perronnin, Florent and Douze, Matthijs and S{\'a}nchez, Jorge and P{\'e}rez, Patrick and Schmid, Cordelia},
    title = {Aggregating Local Image Descriptors into Compact Codes},
    journal =pami,
    volume = {34},
    year = {2012},
    pages = {1704-1716},
}


@inproceedings{Shrivastava11,
  author = "A. Shrivastava and T. Malisiewicz and A. Gupta and A. A. Efros",
  title = "Data-driven Visual Similarity for Cross-domain Image Matching",
  booktitle = "SIGGRAPH ASIA",
  year = 2011
}

@inproceedings{Tighe13,
  title={Finding things: Image parsing with regions and per-exemplar detectors},
  author={Tighe, J. and Lazebnik, S.},
  booktitle=cvpr,
  year={2013},
}

@InProceedings{gronat13,
  author = "Gronat, P. and Obozinski, G. and Sivic, J. and Pajdla, T.",
  title = "Learning and calibrating per-location classifiers for visual place recognition",
  booktitle = cvpr,
  year = 2013}

@article{Doersch12,
  title = {What Makes Paris Look like Paris?},
  author = {Carl Doersch and Saurabh Singh and Abhinav Gupta and Josef Sivic and Alexei A. Efros},
  journal = siggraph,
  volume = {31},
  number = {4},
  year = {2012},
}

@inproceedings{Singh12,
  author = "S. Singh and A. Gupta and A. A. Efros",
  title = "Unsupervised Discovery of Mid-Level Discriminative Patches",
  booktitle = eccv,
  year = 2012
}

@inproceedings{Krizhevsky12,
  author       = {A. Krizhevsky and I. Sutskever and G.~E. Hinton},
  title        = {ImageNet Classification with Deep Convolutional Neural Networks},
  booktitle    = nips,
  year         = {2012},
}


@article{Donahue13,
  title={DeCAF: A Deep Convolutional Activation Feature for Generic Visual Recognition},
  author={Donahue, J. and Jia, Y. and Vinyals, O. and Hoffman, J. and Zhang, N. and Tzeng, E. and Darrell, T.},
  journal={arXiv:1310.1531},
  year={2013}
}

@InProceedings{Oquab14,
   author = "Oquab, M. and Bottou, L. and Laptev, I. and Sivic, J.",
   title = "Learning and Transferring Mid-Level Image Representations using Convolutional Neural Networks",
   booktitle = cvpr,
   year = "2014",
} 

@article{Sermanet13,
  author    = {Sermanet, P. and
               Eigen, D. and
               Zhang, X. and
               Mathieu, M. and
               Fergus, R. and
               LeCun, Y.},
  title     = {OverFeat: Integrated Recognition, Localization and Detection
               using Convolutional Networks},
  journal   = {arXiv:1312.6229},
  year      = {2013},
}

@InProceedings{Klinger13,
  title={Street View Motion-from-Structure-from-Motion},
  author={Klingner, B. and Martin, D. and Roseborough, J.},
   booktitle = iccv,
   year = "2013",
}

@inproceedings{Sattler12,
 author = {Sattler, T. and Leibe, B. and Kobbelt, L.},
 title = {Improving image-based localization by active correspondence search},
 booktitle = eccv,
 year = {2012},
} 

@InProceedings{Chatfield11,
  author       = "Chatfield, K. and Lempitsky, V. and Vedaldi, A. and Zisserman, A.",
  title        = "The devil is in the details: an evaluation of recent feature encoding methods",
  booktitle    = bmvc,
  year         = "2011",
}

@inproceedings{Sattler-BMVC12,
        title={Image Retrieval for Image-Based Localization Revisited},
        author={Torsten Sattler and Tobias Weyand and Bastian Leibe and Leif Kobbelt},
	year={2012},
	booktitle=bmvc,
}